%% This BibTeX bibliography file was created using BibDesk.
%% http://bibdesk.sourceforge.net/


%% Created for Becky at 2013-11-25 15:07:18 +0000 


%% Saved with string encoding Unicode (UTF-8) 



@inproceedings{bartlett2011deplump,
  title={Deplump for streaming data},
  author={Bartlett, Nicholas and Wood, Frank},
  booktitle={Data Compression Conference (DCC), 2011},
  pages={363--372},
  year={2011},
  organization={IEEE}
}

@inproceedings{teh2006hierarchical,
  title={A hierarchical Bayesian language model based on Pitman-Yor processes},
  author={Teh, Yee Whye},
  booktitle={Proceedings of the 21st International Conference on Computational Linguistics and the 44th annual meeting of the Association for Computational Linguistics},
  pages={985--992},
  year={2006},
  organization={Association for Computational Linguistics}
}

@inproceedings{wood2008hierarchical,
  title={A hierarchical, hierarchical Pitman-Yor process language model},
  author={Wood, Frank and Teh, Yee Whye},
  booktitle={ICML 2008 Workshop on Nonparametric Bayes},
  year={2008}
}

@misc{teh2010dirichlet,
  title={Dirichlet Process.},
  author={Teh, Yee Whye},
  year={2010}
}

@article{wood2011sequence,
  title={The sequence memoizer},
  author={Wood, Frank and Gasthaus, Jan and Archambeau, C{\'e}dric and James, Lancelot and Teh, Yee Whye},
  journal={Communications of the ACM},
  volume={54},
  number={2},
  pages={91--98},
  year={2011},
  publisher={ACM}
}

@inproceedings{wood2009hierarchical,
  title={A hierarchical nonparametric Bayesian approach to statistical language model domain adaptation},
  author={Wood, Frank and Teh, Yee W},
  booktitle={International Conference on Artificial Intelligence and Statistics},
  pages={607--614},
  year={2009}
}

@inproceedings{wood2009stochastic,
  title={A stochastic memoizer for sequence data},
  author={Wood, Frank and Archambeau, C{\'e}dric and Gasthaus, Jan and James, Lancelot and Teh, Yee Whye},
  booktitle={Proceedings of the 26th Annual International Conference on Machine Learning},
  pages={1129--1136},
  year={2009},
  organization={ACM}
}

@article{wood2008nonparametric,
  title={A nonparametric Bayesian alternative to spike sorting},
  author={Wood, Frank and Black, Michael J},
  journal={Journal of Neuroscience Methods},
  volume={173},
  number={1},
  pages={1--12},
  year={2008},
  publisher={Elsevier}
}